@article{c09TandD,
	Author = {Carlsson, G.},
	Date-Added = {2011-06-03 11:18:49 +0200},
	Date-Modified = {2011-06-03 11:19:13 +0200},
	Journal = {American Mathematical Society},
	Keywords = {applied topology},
	Number = {2},
	Pages = {255--308},
	Read = {1},
	Title = {Topology and data},
	Volume = {46},
	Year = {2009}}

@inproceedings{elz2000,
	Author = {Edelsbrunner, H. and Letscher, D. and Zomorodian, A.},
	Booktitle = {Foundations of Computer Science, 2000. Proceedings. 41st Annual Symposium on},
	Date-Added = {2011-05-31 09:11:20 +0200},
	Date-Modified = {2011-05-31 09:13:44 +0200},
	Keywords = {persistence, computational topology, Algorithms},
	Organization = {IEEE},
	Pages = {454--463},
	Read = {1},
	Title = {Topological persistence and simplification},
	Year = {2000}}

@unpublished{jplex08,
	Author = {Harlan Sexton and Mikael Vejdemo-Johansson},
	Date-Added = {2008-12-01 21:45:01 -0800},
	Date-Modified = {2011-09-26 13:02:38 +0200},
	Keywords = {persistence software, computational topology, software},
	Month = {December},
	Note = {\url{http://comptop.stanford.edu/programs/jplex/}},
	Read = {Yes},
	Title = {jPlex},
	Urldate = {December 1 2008},
	Year = {2008},
	Bdsk-Url-1 = {http://comptop.stanford.edu/programs/jplex/},
	Bdsk-Url-2 = {http://comptop.stanford.edu/programs/jplex/}}
